@Article{chervenak:2001,
  author =	 {Ann Chervenak and Ian Foster and Carl Kesselman and
                  Charles Salisbury and Steven Tuecke},
  title =	 {The Data Grid: Towards an Architecture for the
                  Distributed Management and Analysis of Large
                  Scientific Datasets},
  journal =	 {Journal of Network and Computer Applications},
  year =	 {2001},
  OPTkey =	 {},
  volume =	 {23},
  OPTnumber =	 {},
  OPTpages =	 {187--200},
  OPTmonth =	 {},
  OPTnote =	 {},
  OPTannote =	 {}
}

@InProceedings{foster:2008,
  author = 	 {Foster, I. and Yong Zhao and Raicu, I. and Lu, S.},
  title = 	 {Cloud Computing and Grid Computing
                  360-Degree Compared},
  OPTcrossref =  {},
  OPTkey = 	 {},
  booktitle =	 {Grid Computing Environments Workshop},
  OPTpages = 	 {},
  year =	 {2008},
  OPTeditor = 	 {},
  OPTvolume = 	 {},
  OPTnumber = 	 {},
  series =	 {GCE '08},
  OPTaddress = 	 {},
  month =	 {November},
  OPTorganization = {},
  OPTpublisher = {},
  OPTnote = 	 {},
  OPTannote = 	 {}
}

@Article{knuth:1974,
  author = 	 {Knuth, Donald E.},
  title = 	 {Computer Programming as an Art},
  journal = 	 {Communications of the ACM},
  year = 	 {1974},
  OPTkey = 	 {},
  volume =	 {17},
  number =	 {12},
  pages =	 {667--673},
  month =	 {December},
  OPTnote = 	 {},
  OPTannote = 	 {}
}

@Book{morrison:2010,
  author =	 {Morrison, J. Paul},
  ALTeditor = 	 {},
  title = 	 {Flow-Based Programing: A New Approach to Application
                  Development},
  publisher = 	 {Createspace},
  year = 	 {2010},
  OPTkey = 	 {},
  OPTvolume = 	 {},
  OPTnumber = 	 {},
  OPTseries = 	 {},
  OPTaddress = 	 {},
  edition =	 {2nd},
  OPTmonth = 	 {},
  OPTnote = 	 {},
  OPTannote = 	 {}
}

@Misc{morrison:online,
  OPTkey = 	 {},
  author =	 {Morrison, J. Paul},
  title =	 {Flow-Based Programming},
  howpublished = {\url{http://www.jpaulmorrison.com/fbp/}},
  month =	 {April},
  year =	 {2012},
  OPTnote = 	 {},
  OPTannote = 	 {}
}

@InProceedings{pronk:2011,
  author =	 {Pronk, Sander and Larsson, Per and Pouya, Iman and
                  Bowman, Gregory R. and Haque, Imran S. and
                  Beauchamp, Kyle and Hess, Berk and Pande, Vijay
                  S. and Kasson, Peter M. and Lindahl, Erik},
  title =	 {Copernicus: A new paradigm for parallel adaptive
                  molecular dynamics},
  OPTcrossref =	 {},
  OPTkey =	 {},
  booktitle =	 {Proceedings of 2011 International Conference for
                  High Performance Computing, Networking, Storage and
                  Analysis},
  pages =	 {1--10},
  year =	 {2011},
  OPTeditor =	 {},
  OPTvolume =	 {},
  OPTnumber =	 {},
  OPTseries =	 {},
  OPTaddress =	 {},
  OPTmonth =	 {},
  OPTorganization ={},
  OPTpublisher = {},
  OPTnote =	 {},
  OPTannote =	 {}
}

@Misc{beazley:online,
  OPTkey = 	 {},
  author =	 {Beazley, David},
  title =	 {PLY (Python Lex-Yacc)},
  howpublished = {\url{http://www.dabeaz.com/ply/}},
  month =	 {April},
  year =	 {2012},
  OPTnote = 	 {},
  OPTannote = 	 {}
}


@Misc{bendersky:online,
  OPTkey = 	 {},
  author =	 {Bendersky, Eli},
  title =	 {pycparser},
  howpublished = {\url{http://code.google.com/p/pycparser/}},
  month =	 {April},
  year =	 {2012},
  OPTnote = 	 {},
  OPTannote = 	 {}
}

